@string{PLDI  = "ACM SIGPLAN Conference on Programming Language Design and Implementation"}
@string{FASE  = "Fundamental Approaches to Software Engineering"}
@string{TACAS = "Tools and Algorithms for the Construction and Analysis of Systems"}
@string{IoTDI = "Tools and Algorithms for the Construction and Analysis of Systems"}
@string{POPL  = "Principles of Programming Languages"}
@string{ECOOP = "European Conference on Object-Oriented Programming"}

@misc{Ayoun:2020,
  title        = {{Collections-C for symbolic testing with Gillian-C}},
  author       = {Sacha Ayoun, Alexis Marinoiu, Petar Maksimović},
  howpublished = {\url{https://github.com/GillianPlatform/collections-c-for-gillian}},
  note         = {Accessed: 2020-12-15}
}

@misc{Srdja:2014,
  title        = {{Collections-C}},
  author       = {Srđan Panić},
  howpublished = {\url{https://github.com/srdja/Collections-C}},
  note         = {Accessed: 2021-07-05}
}

@inproceedings{Santos:2020,
  author    = {Fragoso Santos, Jos\'{e} and Maksimovi\'{c}, Petar and Ayoun, Sacha-\'{E}lie and Gardner, Philippa},
  title     = {{Gillian, Part I: A Multi-Language Platform for Symbolic Execution}},
  year      = {2020},
  booktitle = PLDI,
}

@InProceedings{Beyer:2021,
  author    = "Beyer, Dirk",
  title     = {{Status Report on Software Testing: Test-Comp 2021}},
  booktitle = FASE,
  year      = "2021",
}

@inproceedings{Beyer:2019,
    author="Beyer, Dirk",
    title={{International Competition on Software Testing (Test-Comp)}},
    booktitle= TACAS,
    year="2019",
}

@misc{Aws:2021,
  title        = {{AWS Encryption SDK for C}},
  author       = {Amazon Web Services},
  howpublished = {\url{https://github.com/aws/aws-encryption-sdk-c}},
  note         = {Accessed: 2021-09-08}
}

@webpage{Bridgewater:2019,
    title = {{Node v12.3.0}},
    author = {Ruben Bridgewate},
    url = {https://nodejs.org/en/blog/release/v12.3.0},
    note = {Accessed 27th-October-2021} 
}

@webpage{Wasmer,
    title = {{Wasmer: Run any code on any client}},
    author = {Syrus Akbary and Ivan Enderlin},
    url = {https://wasmer.io},
    note = {Accessed 27th-October-2021}
}

@webpage{Clark:2019,
    title = {{Standardizing WASI: A system interface to run WebAssembly outside the web}},
    author = {Lin Clark},
    url = {https://hacks.mozilla.org/2019/03/standardizing-wasi-a-webassembly-system-interface},
    note = {Accessed 27th-October-2021}
}

@inproceedings{Hall:2019,
    author = {Hall, Adam and Ramachandran, Umakishore},
    title = {An Execution Model for Serverless Functions at the Edge},
    year = {2019},
    booktitle = IoTDI,
}

@webpage{Hickey:2019,
    title = {{Announcing Lucet: Fastly’s native WebAssembly compiler and runtime}},
    author = {Pat Hickey},
    url = {https://www.fastly.com/blog/announcing-lucet-fastly-native-webassembly-compiler-runtime},
    note = {Accessed 27th-October-2021}
}

@inproceedings{Lehman:2020,
 author = {Daniel Lehmann, Johannes Kinder, Michael Pradel},
 title = {{Everything Old is New Again: Binary Security of WebAssembly}},
 booktitle = {USENIX Security Symposium},
 year = {2020}
}

@techreport{McFadden:2018,
     title = {{Security Chasms of WASM}},
     author = {Brian McFadden and Tyler Lukasiewicz and Jeff Dileo and Justin Engler},
     group = {NCC Group},
     institution = {NCC Group},
     year = {2018},
     month = {08}
}

@techreport{Bergbom:2018,
     title = {{Memory safety: old vulnerabilities become new with WebAssembly}},
     author = {John Bergbom},
     group = {Forcepoint},
     institution = {Forcepoint},
     year = {2018},
     month = {12}
}

@webpage{Expl19,
  title = {{Google Chrome 73.0.3683.103 - 'WasmMemoryObject::Grow' Use-After-Free }},
  author = {GoogleSecurityResearch},
  lastchecked = {27th October 2021},
  url = {https://www.exploit-db.com/exploits/46968},
  note = {Accessed 27th-October-2021}
}

@webpage{Foote:2018,
  title = {{Hijacking the control flow of a WebAssembly program}},
  author = {Foote, Jonathan},
  lastchecked = {27th October 2021},
  url = {https://www.fastly.com/blog/hijacking-control-flow-webassembly},
  note = {Accessed 27th-October-2021}
}

@webpage{Lonkar:2018,
  title = {{The dark side of WebAssembly}},
  author = {Lonkar, Aishwarya and Chandrayan, Siddhesh },
  lastchecked = {27th October 2021},
  url = {https://www.virusbulletin.com/virusbulletin/2018/10/dark-side-webassembly},
  note = {Accessed 27th-October-2021}
}

@inproceedings{Ruth:2018,
    author = {R\"{u}th, Jan and Zimmermann, Torsten and Wolsing, Konrad and Hohlfeld, Oliver},
    title = {Digging into Browser-Based Crypto Mining},
    year = {2018},
    booktitle = {Internet Measurement Conference},
}

@webpage{coreutils,
    Title = {{Coreutils}},
    author = {David MacKenzie},
    Lastchecked = {27th October 2021},
    Note = {Accessed 27th-October-2021},
    Url  =  {https://www.gnu.org/software/coreutils/}
}

@webpage{busybox,
    Title = {{Busybox}},
    author = {Bruce Perens},
    Lastchecked = {27th October 2021},
    Note = {Accessed 27th-October-2021},
    Url = {https://busybox.net/}
}

@inproceedings{Cadar:2008,
    author = {Cadar, Cristian and Dunbar, Daniel and Engler, Dawson},
    title = {{KLEE: Unassisted and Automatic Generation of High-Coverage Tests for Complex Systems Programs}},
    year = {2008},
    booktitle = {USENIX Conference on Operating Systems Design and Implementation},
}


@inproceedings{Godefroid:2005,
    author = {Godefroid, Patrice and Klarlund, Nils and Sen, Koushik},
    title = {DART: Directed Automated Random Testing},
    year = {2005},
    booktitle = PLDI,
}

@webpage{osip,
    title  = {{Session Initiation Protocol}},
    author = {Aymeric Moizard},
    url = {{http://www.gnu.org/software/osip/osip.html}},
    note = {Accessed 27th-October-2021}
}

@inproceedings{Pasareanu:2010,
    author = {P\u{a}s\u{a}reanu, Corina S. and Rungta, Neha},
    title = {{Symbolic PathFinder: Symbolic Execution of Java Bytecode}},
    year = {2010},
    booktitle = {IEEE/ACM International Conference on Automated Software Engineering},
}

@misc{Wang:2020,
    title={{WANA: Symbolic Execution of Wasm Bytecode for Cross-Platform Smart Contract Vulnerability Detection}}, 
    author={Dong Wang and Bo Jiang and W. K. Chan},
    year={2020},
    eprint={2007.15510},
    archivePrefix={arXiv},
    primaryClass={cs.SE}
}

@misc{Mossberg:2019,
      title={Manticore: A User-Friendly Symbolic Execution Framework for Binaries and Smart Contracts}, 
      author={Mark Mossberg and Felipe Manzano and Eric Hennenfent and Alex Groce and Gustavo Grieco and Josselin Feist and Trent Brunson and Artem Dinaburg},
      year={2019},
      eprint={1907.03890},
      archivePrefix={arXiv},
      primaryClass={cs.SE}
}

@inproceedings{Haas:2017,
    year      = 2017,
    author    = {Andreas Haas and Andreas Rossberg and Derek L. Schuff and Ben L. Titzer and Michael Holman and Dan Gohman and Luke Wagner and Alon Zakai and JF Bastien},
    title = {Bringing the web up to speed with {WebAssembly}},
    booktitle = PLDI
}

@article{Sen:2005,
    author = {Sen, Koushik and Marinov, Darko and Agha, Gul},
    title = {{CUTE: A Concolic Unit Testing Engine for C}},
    year = {2005},
    journal = {ACM SIGSOFT Software Engineering Notes},
}

@webpage{Panic:2021,
  title = {{Collections-C}},
  author = {Srđan Panić},
  url = {https://github.com/srdja/Collections-C},
  lastchecked = {5th July 2021},
  note = {Accessed 5th-July-2021}
}

@InProceedings{BasakC:2019,
    author="Basak Chowdhury, Animesh
    and Medicherla, Raveendra Kumar
    and R, Venkatesh",
    title={{VeriFuzz: Program Aware Fuzzing}},
    booktitle=TACAS,
    year="2019",
} 

@InProceedings{marques:2022,
  author =	{Marques, Filipe and Fragoso Santos, Jos\'{e} and Santos, Nuno and Ad\~{a}o, Pedro},
  title =	{{Concolic Execution for WebAssembly}},
  booktitle =ECOOP,
  year =	{2022},
}

@webpage{wasm-interpreter,
    title = {{WebAssembly Reference Interpreter}},
    author = {Andreas Rossberg},
    url = {{https://github.com/WebAssembly/spec/tree/master/interpreter}},
    lastchecked = {3rd December 2020},
    note = {Accessed 3rd-December-2020}
}

@inproceedings{DeMoura:2008,
    author = {De Moura, Leonardo and Bj\o{}rner, Nikolaj},
    title = {{Z3: An Efficient SMT Solver}},
    year = {2008},
    booktitle = TACAS,
}

@mastersthesis{Costa:2020,
  author = {Carolina Costa}, 
  title = {Concolic Execution for WebAssembly},
  school = {Instituto Superior Técnico},
  year = 2020,
  address = {\url{https://fenix.tecnico.ulisboa.pt/cursos/meic-a/dissertacao/846778572212567}},
  month = 11
}

@mastersthesis{Kim:2020,
    author = {Kim, H.},
    title = {Fuzzing with stochastic optimization},
    year = {2020},
    school = {LMU Munich},
    note = {Bachelor's Thesis}
}

@techreport{Leroy:2012,
  TITLE = {{The CompCert Memory Model, Version 2}},
  AUTHOR = {Leroy, Xavier and Appel, Andrew W. and Blazy, Sandrine and Stewart, Gordon},
  URL = {https://hal.inria.fr/hal-00703441},
  TYPE = {Research Report},
  NUMBER = {RR-7987},
  PAGES = {26},
  INSTITUTION = {{INRIA}},
  YEAR = {2012},
  MONTH = Jun,
  KEYWORDS = {Memory models ; formal semantics ; verified compilation ; CompCert},
  PDF = {https://hal.inria.fr/hal-00703441/file/RR-7987.pdf},
  HAL_ID = {hal-00703441},
  HAL_VERSION = {v1},
}

@webpage{pycparser,
    title = {{pycparser}},
    author = {Eli Bendersky},
    url = {{https://github.com/eliben/pycparser}},
    note = {Accessed 1st-November-2021}
}

@mastersthesis{Ramos:2021,
  author = {Frederico Ramos}, 
  title = {Symbolic Runtime Modeling for Automatic Exploit Generation},
  school = {Instituto Superior Técnico},
  year = 2021,
  address = {\url{https://fenix.tecnico.ulisboa.pt/cursos/meic-a/dissertacao/1128253548922710}},
  month = 10
}

@webpage{sv-benchmarks,
    title = {{SV-Benchmarks}},
    author = {Dirk Beyer},
    url = {https://gitlab.com/sosy-lab/benchmarking/sv-benchmarks},
    note = {Accessed 28th-October-2021}
}

@book{Cormen:2022,
  title={Introduction to algorithms},
  author={Cormen, Thomas H and Leiserson, Charles E and Rivest, Ronald L and Stein, Clifford},
  year={2022},
  publisher={MIT press}
}

@inproceedings{Serebryany:2012,
    author = {Serebryany, Konstantin and Bruening, Derek and Potapenko, Alexander and Vyukov, Dmitry},
    title = {{AddressSanitizer: A Fast Address Sanity Checker}},
    year = {2012},
    booktitle = {USENIX Conference on Annual Technical Conference},
}

@webpage{Ayoun:2020:gil-benchmarks,
    title = {{Collections-C for symbolic testing with Gillian-C}},
    author = {Sacha Ayoun and Alexis Marinoiu and Petar Maksimović},
    url = {https://github.com/GillianPlatform/collections-c-for-gillian},
    lastchecked = {15th December 2020},
    note = {Accessed 15th-December-2020}
}

@inproceedings{Beyer:2019:testcov,
    author={Beyer, Dirk and Lemberger, Thomas},
    booktitle={IEEE/ACM International Conference on Automated Software Engineering}, 
    title={{TestCov: Robust Test-Suite Execution and Coverage Measurement}}, 
    year={2019},
}

@webpage{dynamoDB,
    title = {{Amazon DynamoDB Encryption Client}},
    author = {AWS},
    url = {https://docs.aws.amazon.com/crypto/latest/userguide/awscryp-service-ddb-client.html},
    note = {Accessed 28th-October-2021}
}

@webpage{openssl,
    title = {{OpenSSL}},
    author = {Eric Young and Tim Hudson},
    url = {https://www.openssl.org/},
    note = {Accessed 5th-July-2021}
}

@InProceedings{Kroening:2014,
    author="Kroening, Daniel
    and Tautschnig, Michael",
    title={{{CBMC} -- {C} Bounded Model Checker}},
    booktitle=TACAS,
    year="2014",
}

@inproceedings{Lin:2014,
  author    = {Lin, Zhou and Fei, Liu and Shuitao, Gan and Xiaojun, Qin and Wenbao, Han},
  booktitle = {IEEE International Conference on Networking, Architecture, and Storage}, 
  title     = {{Symbolic Execution of Network Software Based on Unit Testing}}, 
  year      = {2014},
}

@article{Cui:2013,
  author      = {Cui, Heming and Hu, Gang and Wu, Jingyue and Yang, Junfeng},
  title       = {Verifying Systems Rules Using Rule-Directed Symbolic Execution},
  year        = {2013},
  journal     = {ACM SIGARCH Computer Architecture News},
}

@inproceedings{Cong:2013,
  author    = {Cong, Kai and Xie, Fei and Lei, Li},
  booktitle = {International Conference on Quality Software}, 
  title     = {Symbolic Execution of Virtual Devices}, 
  year      = {2013},
}

@InProceedings{Chen:2014,
    author={Chen, Ting
    and Zhang, Xiao-song
    and Chen, Rui-dong
    and Yang, Bo
    and Bai, Yang},
    title={Conpy: Concolic Execution Engine for Python Applications},
    booktitle={Algorithms and Architectures for Parallel Processing},
    year={2014},
}

@inproceedings{rosette,
 author = {Torlak, Emina and Bodik, Rastislav},
 title = {A Lightweight Symbolic Virtual Machine for Solver-Aided Host Languages},
 year = {2014},
 booktitle = PLDI
}

@inproceedings{cosette,
 author = {Santos, Jos{\'e} Fragoso and Maksimovi\'{c}, Petar and Grohens, Th{\'e}otime and Dolby, Julian and Gardner, Philippa},
 title = {Symbolic Execution for {JavaScript}},
 booktitle = {International Symposium on Principles and Practice of Declarative Programming},
 year = {2018}
}

@inproceedings{sym-exec-framework-for-javascript,
 author = {Saxena, Prateek and Akhawe, Devdatta and Hanna, Steve and Mao, Feng and McCamant, Stephen and Song, Dawn},
 title = {A Symbolic Execution Framework for {JavaScript}},
 booktitle = {IEEE Symposium on Security and Privacy},
 year = {2010}
}

@inproceedings{symjs,
 author = {Li, Guodong and Andreasen, Esben and Ghosh, Indradeep},
 title = {{SymJS}: Automatic Symbolic Testing of {JavaScript} Web Applications},
 booktitle = {ACM SIGSOFT International Symposium on Foundations of Software Engineering},
 year = {2014}
} 

@inproceedings{multi-se,
 author = {Sen, Koushik and Necula, George and Gong, Liang and Choi, Wontae},
 title = {{MultiSE}: Multi-path Symbolic Execution Using Value Summaries},
 booktitle = {Joint Meeting on Foundations of Software Engineering},
 year = {2015}
}

@article{effigy,
    author = {King, James C.},
    title = {Symbolic Execution and Program Testing},
    year = {1976},
    journal = {Communications of the ACM},
}

@inproceedings{generalized-sym-exec,
 author = {Khurshid, Sarfraz and P\u{a}s\u{a}reanu, Corina S. and Visser, Willem},
 title = {Generalized Symbolic Execution for Model Checking and Testing},
 booktitle = TACAS,
 year = {2003}
}

@inproceedings{survey1,
  author={Cadar, Cristian and Godefroid, Patrice and Khurshid, Sarfraz and Pasareanu, Corina S. and Sen, Koushik and Tillmann, Nikolai and Visser, Willem},
  booktitle={International Conference on Software Engineering}, 
  title={Symbolic execution for software testing in practice: preliminary assessment}, 
  year={2011},
}

@article{sym-exec-3-decades-later,
 author = {Cadar, Cristian and Sen, Koushik},
 title = {Symbolic Execution for Software Testing: Three Decades Later},
 journal = {Communications of the ACM},
 year = {2013}
} 

@article{survey,
 author = {Baldoni, Roberto and Coppa, Emilio and D'elia, Daniele Cono and Demetrescu, Camil and Finocchi, Irene},
 title = {A Survey of Symbolic Execution Techniques},
 journal = {ACM Computing Surveys},
 year = {2018}
}

@inproceedings{mayhem,
 author = {Cha, Sang Kil and Avgerinos, Thanassis and Rebert, Alexandre and Brumley, David},
 title = {{Unleashing Mayhem on Binary Code}},
 booktitle = {IEEE Symposium on Security and Privacy},
 year = {2012}
}

@inproceedings{probabilistic-se,
 author = {Geldenhuys, Jaco and Dwyer, Matthew B. and Visser, Willem},
 title = {Probabilistic Symbolic Execution},
 booktitle = {International Symposium on Software Testing and Analysis},
 year = {2012}
}

@inproceedings{dise,
 author = {Person, Suzette and Yang, Guowei and Rungta, Neha and Khurshid, Sarfraz},
 title = {Directed Incremental Symbolic Execution},
 booktitle = PLDI,
 year = {2011}
}

@article{pathfinder,
author = {Havelund, Klaus and Pressburger, T.},
year = {1999},
title = {Model Checking {Java} Programs Using {Java PathFinder}},
journal = {International Journal on Software Tools for Technology Transfer}
}

@inproceedings{Brumley:2006,
  year = 2006,
  author = {D. Brumley and J. Newsome and D. Song and  Hao Wang and  Somesh Jha},
  title = {Towards automatic generation of vulnerability-based signatures},
  booktitle = {{IEEE} Symposium on Security and Privacy}
}

@article{Exe:2008,
    author = {Cadar, Cristian and Ganesh, Vijay and Pawlowski, Peter M. and Dill, David L. and Engler, Dawson R.},
    title = {EXE: Automatically Generating Inputs of Death},
    year = {2008},
    journal = {ACM Transactions on Information and System Security},
}

@Article{Tennent:2000,
    author={Tennent, Robert D. and Ghica, Dan R.},
    title={Abstract Models of Storage},
    journal={Higher-Order and Symbolic Computation},
    year={2000},
}

@article{Leroy:2008,
    year = 2008,
    author = {Xavier Leroy and Sandrine Blazy},
    title = {Formal Verification of a C-like Memory Model and Its Uses for Verifying Program Transformations},
    journal = {Journal of Automated Reasoning}
}

@article{MEHTA2005200,
    title = "Proving pointer programs in higher-order logic",
    journal = "Information and Computation",
    year = "2005",
    author = "Farhad Mehta and Tobias Nipkow",
}

@incollection{Bornat:2000,
  year = 2000,
  author = {Richard Bornat},
  title = {Proving Pointer Programs in Hoare Logic},
  booktitle = {Lecture Notes in Computer Science}
}

@incollection{Filli_tre_2004,
  year = 2004,
  author = {Jean-Christophe Filli{\^{a}}tre and Claude March{\'{e}}},
  title = {Multi-prover Verification of C Programs},
  booktitle = {Formal Methods and Software Engineering}
}

@misc{Norrish:1998,
    author = {Michael Norrish},
    title = {C formalised in HOL},
    year = {1998}
}

@inproceedings{Tuch:2007,
    author = {Tuch, Harvey and Klein, Gerwin and Norrish, Michael},
    title = {Types, Bytes, and Separation Logic},
    year = {2007},
    booktitle = POPL,
}

@misc{Leroy12thecompcert,
    author = {Xavier Leroy and Rine Blazy and Gordon Stewart},
    title = {The CompCert Memory Model, Version 2},
    year = {2012}
}

@incollection{Besson:2017,
	year = 2017,
	author = {Fr{\'{e}}d{\'{e}}ric Besson and Sandrine Blazy and Pierre Wilke},
	title = {{CompCertS}: A Memory-Aware Verified C Compiler Using Pointer as Integer Semantics},
	booktitle = {Interactive Theorem Proving}
}

@misc{He:2020,
      title={Security Analysis of EOSIO Smart Contracts}, 
      author={Ningyu He and Ruiyi Zhang and Lei Wu and Haoyu Wang and Xiapu Luo and Yao Guo and Ting Yu and Xuxian Jiang},
      year={2020},
      eprint={2003.06568},
      archivePrefix={arXiv},
      primaryClass={cs.CR}
}

@webpage{Ventuzelo:2018,
  title = {{Octopus: Security Analysis tool for WebAssembly module (wasm) and Blockchain Smart Contracts (BTC/ETH/NEO/EOS) }},
  author = {Patrick Ventuzelo},
  url = {{https://github.com/pventuzelo/octopus}},
  note = {Accessed: 14th-October-2021}
}

@webpage{WasmFAQ,
    title = {{WebAssembly FAQ}},
    author = {WebAssembly},
    url = {https://webassembly.org/docs/faq},
    note = {Accessed: 29th-October-2021}
}

@misc{Tsoupidi:2021,
  title         = {Vivienne: Relational Verification of Cryptographic Implementations in WebAssembly}, 
  author        = {Rodothea Myrsini Tsoupidi and Musard Balliu and Benoit Baudry},
  year          = {2021},
  eprint        = {2109.01386},
  archivePrefix = {arXiv},
  primaryClass  = {cs.CR}
}

@article{javert2.0,
  year = {2019},
  author = {Jos{\'{e}} Fragoso Santos and Petar Maksimovi{\'{c}} and Gabriela Sampaio and Philippa Gardner},
  title = {{JaVerT} 2.0: compositional symbolic execution for {JavaScript}},
  journal = {Proceedings of the {ACM} on Programming Languages}
}

@webpage{ewasm,
    title = {{Ethereum flavored WebAssembly (ewasm)}},
    author = {ewasm},
    url = {https://github.com/ewasm/design},
    note = {Accessed 8th-December-2020}
}

@article{Havlak:1997,
    author = {Havlak, Paul},
    title = {Nesting of Reducible and Irreducible Loops},
    year = {1997},
    journal = {ACM Transactions on Programming Languages and Systems},
}

@techreport{Rossberg:2019,
  title       = {{WebAssembly Core Specification}},
  author      = {Rossberg, Andreas},
  year        = 2019,
  date        = {2019-12-05},
  institution = {{W3C}},
  url         = {https://www.w3.org/TR/wasm-core-1},
  langid      = {english},
  note        = "\url{https://webassembly.github.io/spec/core/_download/WebAssembly.pdf}"
}

@misc{Plotkin:1981,
    Title = {{A Structural Approach to Operational Semantics}},
    Author = {Gordon D. Plotkin},
    year = {1981}
}

@webpage{clang,
    title = {{Clang: a C language family frontend for LLVM}},
    author = {Chris Lattner},
    url = {{http://clang.llvm.org}},
    lastchecked = {30th November 2020},
    note = {Accessed 30th-November-2020}
}

@inproceedings{Zakai:2011,
    year = 2011,
    author = {Alon Zakai},
    title = {Emscripten},
    booktitle = {{ACM} international conference companion on Object oriented programming systems languages and applications companion}
}


@webpage{pyodide,
    title = {{Pyodide: The Python scientific stack, compiled to WebAssembly}},
    author = {Michael Droettboom},
    url = {{https://github.com/iodide-project/pyodide}},
    note = {Accessed: 30th-November-2020}
}

@webpage{LuaVmOnWeb,
title = {{The Lua VM, on the Web}},
author = {Daurnimator},
url = {{https://daurnimator.github.io/lua.vm.js/lua.vm.js.html}},
note = {Accessed: 30th-November-2020}
}

@webpage{wasm-ld,
title = {{WebAssembly lld port}},
author = {Wasm},
url = {{https://lld.llvm.org/WebAssembly.html}},
note = {Accessed: 30-November-2020}
}

@webpage{llvm-project,
    title = {{The LLVM Compiler Infrastructure}},
    author = {Vikram Adve and Chris Lattner},
    url = {{http://llvm.org/}},
    lastchecked = {30th November 2020},
    note = {Accessed 30th-November-2020}
}
@techreport{WebAssemblyCoreSpecification,
  title       = {{WebAssembly Core Specification}},
  author      = {Rossberg, Andreas},
  year        = 2019,
  date        = {2019-12-05},
  institution = {{W3C}},
  url         = {https://www.w3.org/TR/wasm-core-1},
  langid      = {english},
  note        = "\url{https://webassembly.github.io/spec/core/_download/WebAssembly.pdf}"
}

@ARTICLE{ieee-754,
  author={IEEE},
  journal={{IEEE} Std 754-2019 (Revision of IEEE 754-2008)}, 
  title={{IEEE Standard for Floating-Point Arithmetic}}, 
  year={2019},
}
  
@webpage{z3-tutorial,
    title = {{Programming Z3}},
    author = {Nikolaj Bjørner and Leonardo de Moura and Lev Nachmanson and Christoph Wintersteiger},
    url = {{https://theory.stanford.edu/~nikolaj/programmingz3.html#sec-euf--equality-and-uninterpreted-functions}},
    note = {Accessed: 25-November-2021}
}

@webpage{jwasm,
    title = {{Java bytecode to WebAssembly compiler }},
    author = {i-net-software },
    url = {https://github.com/i-net-software/JWebAssembly},
    note = {Accessed 27th-October-2021} 
}

@webpage{rustc,
    title = {{Empowering everyone to build reliable and efficient software}},
    author = {rust-lang},
    url = {https://github.com/rust-lang/rust},
    note = {Accessed 27th-October-2021} 
}

@inproceedings{Watt:2021,
  author    = {Conrad Watt and
               Xiaojia Rao and
               Jean Pichon{-}Pharabod and
               Martin Bodin and
               Philippa Gardner},
  title     = {{Two Mechanisations of WebAssembly 1.0}},
  booktitle = {Formal Methods},
  year      = {2021}
}

@inproceedings{Watt:2018,
  title={{Mechanising and verifying the WebAssembly specification}},
  author={Watt, Conrad},
  booktitle={ACM SIGPLAN International Conference on Certified Programs and Proofs},
  year={2018}
}

@webpage{Paulson:2021,
    title = {Isabelle},
    author = {Paulson, Lawrence C},
    url = {https://isabelle.in.tum.de},
    note = {Accessed 27th-November-2021}
}

@webpage{w3c-wasm,
    title = {{W3C WebAssembly Core Specification}},
    author = {{W3C}},
    url = {https://www.w3.org/TR/wasm-core-1},
    note = {Accessed 27th-November-2021}
}

@InProceedings{Watt:2019,
  author =	{Conrad Watt and Petar Maksimovic and Neelakantan R. Krishnaswami and Philippa Gardner},
  title =	{A Program Logic for First-Order Encapsulated {WebAssembly}},
  booktitle = ECOOP,
  year =	{2019},
  editor =	{Alastair F. Donaldson},
}

@webpage{coq,
    title = {{The Coq Proof Assistant}},
    author = {The Coq Development Team},
    url = {https://coq.inria.fr},
    note = {Accessed 27th-November-2021}
}

@article{Watt:2019:CT-wasm,
 author = {Watt, Conrad and Renner, John and Popescu, Natalie and Cauligi, Sunjay and Stefan, Deian},
 title = {{CT-Wasm: Type-driven Secure Cryptography for the Web Ecosystem}},
 journal = {Proceeding of the ACM on Programming Languages},
 year = {2019},
}

@inproceedings{Stievenart:2020,
  title={{Compositional Information Flow Analysis for WebAssembly Programs}},
  author={Sti{\'e}venart, Quentin and De Roover, Coen},
  booktitle={IEEE International Working Conference on Source Code Analysis and Manipulation},
  year={2020},
  organization={IEEE}
}

@article{Szanto:2018,
  title={{Taint tracking for WebAssembly}},
  author={Szanto, Aron and Tamm, Timothy and Pagnoni, Artidoro},
  journal={arXiv preprint},
  year={2018}
}

@article{Fu:2018,
  title={{Taintassembly: Taint-based information flow control tracking for WebAssembly}},
  author={Fu, William and Lin, Raymond and Inge, Daniel},
  journal={arXiv preprint},
  year={2018}
}

@misc{Xu:2018,
    title={On Benchmarking the Capability of Symbolic Execution Tools with Logic Bombs}, 
    author={Hui Xu and Zirui Zhao and Yangfan Zhou and Michael R. Lyu},
    year={2018},
    eprint={1712.01674},
    archivePrefix={arXiv},
    primaryClass={cs.SE}
}

@inproceedings{Pradel:2021,
    author = {Hilbig, Aaron and Lehmann, Daniel and Pradel, Michael},
    title = {{An Empirical Study of Real-World WebAssembly Binaries: Security, Languages, Use Cases}},
    year = {2021},
    booktitle = {Proceedings of the Web Conference},
}

@webpage{Hennenfent:2020,
    title = {{Symbolically Executing {WebAssembly} in Manticore}},
    author = {Eric Hennenfent},
    url = {https://blog.trailofbits.com/2020/01/31/symbolically-executing-webassembly-in-manticore},
    note = {Accessed: 30th-November-2021}
}

@article{Barthe:2011, 
    title={Secure information flow by self-composition}, 
    journal={Mathematical Structures in Computer Science}, 
    author={Barthe, Gilles and D'Argenio, Pedro R. and Rezk, Tamara},
    year={2011},
}

@webpage{Larimer:2018,
    title = {{EOS.IO Technical White Paper}},
    author = {Daniel Larimer and Brendan Blumer},
    url = {https://github.com/EOSIO/Documentation/blob/master/TechnicalWhitePaper.md},
    note = {Accessed: 30th-November-2021}
}

@webpage{Kashyap:2021,
    title = {Introduction to smart contracts},
    author = {Bhaskar Kashyap},
    url = {https://ethereum.org/en/developers/docs/smart-contracts},
    note = {Accessed: 30th-November-2021}
}

@InProceedings{Alshmrany:2021,
    author="Alshmrany, Kaled M. and Menezes, Rafael S. and Gadelha, Mikhail R. and Cordeiro, Lucas C.",
    title={{FuSeBMC: A White-Box Fuzzer for Finding Security Vulnerabilities in C Programs (Competition Contribution)}},
    booktitle=FASE,
    year="2021",
}

@InProceedings{Beyer&Jakobs:2019,
    author="Beyer, Dirk and Jakobs, Marie-Christine",
    title={{CoVeriTest: Cooperative Verifier-Based Testing}},
    booktitle=FASE,
    year="2019",
}

@InProceedings{Ruland:2020,
    author="Ruland, Sebastian and Lochau, Malte and Jakobs, Marie-Christine",
    title={{HybridTiger: Hybrid Model Checking and Domination-based Partitioning for Efficient Multi-Goal Test-Suite Generation (Competition Contribution)}},
    booktitle=FASE,
    year="2020",
}

@InProceedings{Liu:2020,
    author="Liu, Dongge and Ernst, Gidon and Murray, Toby and Rubinstein, Benjamin I. P.",
    title={{Legion: Best-First Concolic Testing (Competition Contribution)}},
    booktitle=FASE,
    year="2020",
}

@InProceedings{Le:2020,
    author="Le, Hoang M.",
    title={{LLVM-based Hybrid Fuzzing with LibKluzzer (Competition Contribution)}},
    booktitle={FASE},
    year="2020",
}

@article{Chalupa:2021,
  title={Symbiotic 8: Parallel and Targeted Test Generation},
  author={Chalupa, Marek and Nov{\'a}k, Jakub and Strejcek, Jan},
  journal=FASE,
  year={2021}
}

@article{Jaffar:2020,
  title={TracerX: Dynamic symbolic execution with interpolation (competition contribution)},
  author={Jaffar, Joxan and Maghareh, Rasool and Godboley, Sangharatna and Ha, Xuan-Linh},
  journal=FASE,
  year={2020},
}

@article{Lemberger:2020,
  author = {Lemberger, Thomas},
  title = {{Plain random test generation with PRTest}},
  journal = {International Journal on Software Tools for Technology Transfer},
  year = {2020}
}

@article{Rodeh:2013,
  author = {Rodeh, Ohad and Bacik, Josef and Mason, Chris},
  title = {{BTRFS: The Linux B-Tree Filesystem}},
  year = {2013},
  journal = {ACM Transactions on Storage},
}

@article{Minsky:2011,
    author = {Minsky, Yaron},
    title = {OCaml for the Masses: Why the next Language You Learn Should Be Functional},
    year = {2011},
    journal = {Queue},
}


@inproceedings{you:esop:2021,
  author    = {Shu{-}Hung You and
               Robert Bruce Findler and
               Christos Dimoulas},
  title     = {Sound and Complete Concolic Testing for Higher-order Functions},
  booktitle = {{ESOP}},
  year      = {2021}
 }
 
 @inproceedings{sen:cav:2006,
  author    = {Koushik Sen and
               Gul Agha},
  title     = {{CUTE and jCUTE: Concolic Unit Testing and Explicit Path Model-Checking
               Tools}},
  booktitle = {{CAV}},
    year      = {2006}
}
